% Seznam referencí pro technické reporty CYBER
% radek author obsahuje vzdy klic \noopsort pro trideni referenci - kvuli ceskym autorum
%
% $Id: references.bib 1257 2011-01-03 10:05:08Z 51640 $
%

@PREAMBLE{ {\providecommand{\noopsort}[1]{}} }


@misc{ARCH_2014_1_25,
   author = {Holub, Petr and Vojtíšek, Ondřej and Valík, Dalibor and Greplová, Kristína and Knoflíčková, Dana and Nenutil, Rudolf},
   keywords = {biobanking; workflow; sample management; BBMRI\_CZ},
   language = {eng},
   institution = {Masarykova univerzita},
   organization = {Masarykova univerzita},
   title = {{B}{B}{M}{R}{I}\_{C}{Z} {I}ndex {S}ervice},
   year = {2014}
}

@misc{ARCH_2011_12_29,
   author = {Holub, Petr and Valík, Dalibor and Greplová, Kristína and Knoflíčková, Dana and Nenutil, Rudolf},
   keywords = {biobanking; workflow; sample management; BBMRI\_CZ},
   language = {eng},
   institution = {Masarykova univerzita},
   organization = {Masarykova univerzita},
   title = {{B}{B}{M}{R}{I}\_{C}{Z} {I}ndex {S}ervice},
   year = {2011}
}

% absenci pole překladatel možno obejít tím, že budu citovat přímo původní anglický zdroj

%TNM Klasifikace zhoubných novotvarů. 7. vyd. Překlad Václav Mandys. Chichester: Wiley, c2010, 246 s. ISBN 978-809-0425-965.

@book{TNM,
   editor = {Sobin, Leslie H. and Gospodarowicz, Mary K. and Wittekind, Christian},
   language = {cze},
   title = {T{N}{M} klasifikace zhoubných novotvarů},
	 edition = {7. vyd.},
   url = {http://www.uzis.cz/en/system/files/tnm-7.pdf},
   year = {2004},
	 pages = {246},
	 isbn = {978-809-0425-965},
	 publisher = {Ústav zdravotnických informací a statistiky ČR},	
	 address = {Praha}
}

%Mezinárodní klasifikace nemocí pro onkologii. 3. vyd. Překlad Václav Mandys. Praha: Ústav zdravotnických informací a statistiky ČR, 2004, 293 s. ISBN 80-728-0373-5.

@book{MKN-O,
   author = {Percy, Constance and Fritz, April. and Jack, Andrew and Shanmugarathan, Kanagaratnam and Sobin, Leslie H. and Parkin, D. Max and Whelan, Sharon},
   language = {cze},
   title = {Mezinárodní klasifikace nemocí pro onkologii},
	 edition = {3. vyd.},
   url = {http://www.uzis.cz/en/system/files/mkn_o_3_cv.pdf},
   year = {2004},
	 isbn = {80-728-0373-5},
	 pages = {293},
	 publisher = {Ústav zdravotnických informací a statistiky ČR},	
	 address = {Praha}
}

%Mezinárodní statistická klasifikace nemocí a přidružených zdravotních problémů: MKN-10 : desátá revize : aktualizovaná verze k 1. 1. 2009. 2., aktualiz. vyd. Editor L Sobin, M Gospodarowicz, Christian Wittekind. Překlad Václav Mandys. Praha: Bomton Agency, 2008, 246 s. ISBN 978-809-0425-903.

@book{MKN-10,
	 editor = {Sobin, Leslie H. and Gospodarowicz, Mary K. and Wittekind, Christian},
   language = {cze},
   title = {Mezinárodní statistická klasifikace nemocí a přidružených zdravotních problémů : MKN-10 : desátá revize : aktualizovaná verze k 1. 1. 2009},
	 edition = {2., aktualiz. vyd.},
   url = {http://www.uzis.cz/system/files/mkn-tabelarni-cast_1-4-2014.pdf},
   year = {2008},
	 isbn = {978-809-0425-903},
	 address = {Praha},
	 pages = {246},
	 publisher = {Bomton Agency}	
}

% Zatím necitován
@book{NavrhoveVzory,
	 editor = {Pecinovský, Rudolf},
   language = {cze},
   title = {Návrhové vzory},
	 edition = {Vyd. 1.},
   year = {2007},
	 isbn = {978-80-251-1582-4},
	 address = {Brno},
	 pages = {527},
	 publisher = {Computer Press}	
}

%BLOCH, Joshua. Effective java. 2nd ed. Upper Saddle River: Addison-Wesley, c2008, xxi, 346 s. ISBN 03-213-5668-3.
@book{EffectiveJava,
	 editor = {Bloch, Joshua},
   language = {eng},
   title = {Effective java},
	 edition = {2nd ed.},
   year = {c2008},
	 isbn = {03-213-5668-3},
	 address = {Upper Saddle River},
	 pages = {346},
	 publisher = {Addison-Wesley}	
}

% RODNÁ ČÍSLA: Klasický pojem v české informatice. In: [online]. [cit. 2014-04-29]. Dostupné z: www.fi.muni.cz/usr/qkaluzik/P028/rc1.doc
@online{RodnaCisla,
  author = {Holeček, Tomáš},
	title  = {R{O}{D}{N}{Á} Č{Í}{S}{L}{A}: Klasický pojem v české informatice [online]},
	year   = {2000},
	note   = {[cit.~2014-04-29]. Dostupné z: \url{www.fi.muni.cz/usr/qkaluzik/P028/rc1.doc}}
}


%Informace o spolupráci STAPRO s.r.o. a MEDICON a.s. In: [online]. 2008. vyd. [cit. 2014-04-29]. Dostupné z: http://www.stapro.cz/informace-o-spoluprci-stapro-sro-a-medicon-as.htm
@online{GreyFox,
  author = {STAPRO s.r.o.},
	title  = {Informace o spolupráci {S}{T}{A}{P}{R}{O} s.r.o. a {M}{E}{D}{I}{C}{O}{N} a.s. [online]},
	year   = {2008},
	note   = {[cit. 2014-04-29]. Dostupné z: \url{http://www.stapro.cz/informace-o-spoluprci-stapro-sro-a-medicon-as.htm}}
}

%http://www.lineq.cz/images/PDF/Manual_M355CE.pdf
@online{M355CE,
  author = {LINEQ s.r.o.},
	title  = {Datalogger měření teploty + hladinoměr s alarmem {M}355{C}{E}: Instrukční manuál [online]},
	year   = {2008},
	note   = {[cit. 2014-04-29]. Dostupné z: \url{http://www.lineq.cz/images/PDF/Manual_M355CE.pdf}}
}

%http://siret.ms.mff.cuni.cz/MFiLF/files/cooperation/polak.pptx
@online{1LF_BBM,
  author = {Polák, Tomáš},
	title  = {Prezentace: B{B}{M} Banka biologického materiálu 1. lékařská fakulta Univerzity Karlovy [online]},
	year   = {2013},
	note   = {[cit. 2014-04-29]. Dostupné z: \url{http://siret.ms.mff.cuni.cz/MFiLF/files/cooperation/polak.pptx}}
}

%http://www.oracle.com/technetwork/java/dataaccessobject-138824.html
% Java EE patterns - DAO atd

















 





